<record><leader>00000cas a22000007a 4500</leader><controlfield tag="001">21181872</controlfield><controlfield tag="008">900307d19011904mouwr ne      0    0eng d</controlfield><datafield ind1=" " ind2=" " tag="010"><subfield code="a">sn 90061338 </subfield></datafield><datafield ind1=" " ind2=" " tag="040"><subfield code="a">MQN</subfield><subfield code="b">eng</subfield><subfield code="c">MQN</subfield><subfield code="d">OCLCQ</subfield></datafield><datafield ind1=" " ind2=" " tag="042"><subfield code="a">msc</subfield></datafield><datafield ind1="0" ind2="4" tag="245"><subfield code="a">The Leader-Jeffersonian.</subfield></datafield><datafield ind1=" " ind2=" " tag="260"><subfield code="a">Norborne, Carroll County, Mo. :</subfield><subfield code="b">Thomas &amp; Thomas</subfield></datafield><datafield ind1=" " ind2=" " tag="300"><subfield code="a">v.</subfield></datafield><datafield ind1=" " ind2=" " tag="310"><subfield code="a">Weekly</subfield></datafield><datafield ind1="1" ind2=" " tag="362"><subfield code="a">Began in 1901? Ceased in 1904?</subfield></datafield><datafield ind1=" " ind2=" " tag="515"><subfield code="a">Continues numbering of: Norborne leader (Norborne, Mo. : 1884).</subfield></datafield><datafield ind1=" " ind2=" " tag="588"><subfield code="a">Description based on: Vol. 19, no. 44 (July 2, 1903).</subfield></datafield><datafield ind1=" " ind2=" " tag="752"><subfield code="a">United States</subfield><subfield code="b">Missouri</subfield><subfield code="c">Carroll</subfield><subfield code="d">Norborne.</subfield></datafield><datafield ind1="0" ind2="4" tag="780"><subfield code="t">Norborne leader (Norborne, Mo. : 1884)</subfield><subfield code="w">(DLC)sn 90061337</subfield></datafield><datafield ind1="0" ind2="4" tag="780"><subfield code="t">Jeffersonian (Norborne, Mo.)</subfield><subfield code="w">(DLC)sn 90061336</subfield></datafield><datafield ind1="0" ind2="0" tag="785"><subfield code="t">Norborne leader (Norborne, Mo. : 1904)</subfield><subfield code="w">(DLC)sn 90061339</subfield></datafield></record>